[gd_scene load_steps=8 format=2]

[ext_resource path="res://Player.gd" type="Script" id=1]
[ext_resource path="res://model/seethrough.obj" type="ArrayMesh" id=2]
[ext_resource path="res://sound/player-gun.wav" type="AudioStream" id=3]
[ext_resource path="res://Bullet.tscn" type="PackedScene" id=4]

[sub_resource type="CylinderShape" id=1]
radius = 0.5
height = 1.0

[sub_resource type="Animation" id=2]
resource_name = "fire1"
length = 0.3
step = 0.02
tracks/0/type = "audio"
tracks/0/path = NodePath("AudioStreamPlayer")
tracks/0/interp = 1
tracks/0/loop_wrap = true
tracks/0/imported = false
tracks/0/enabled = true
tracks/0/keys = {
"clips": [ {
"end_offset": 0.0,
"start_offset": 0.0,
"stream": ExtResource( 3 )
}, {
"end_offset": 0.0,
"start_offset": 0.0,
"stream": ExtResource( 3 )
}, {
"end_offset": 0.0,
"start_offset": 0.0,
"stream": ExtResource( 3 )
} ],
"times": PoolRealArray( 0, 0.12, 0.24 )
}
tracks/1/type = "method"
tracks/1/path = NodePath(".")
tracks/1/interp = 1
tracks/1/loop_wrap = true
tracks/1/imported = false
tracks/1/enabled = true
tracks/1/keys = {
"times": PoolRealArray( 0, 0.12, 0.24 ),
"transitions": PoolRealArray( 1, 1, 1 ),
"values": [ {
"args": [ ExtResource( 4 ), 0.0 ],
"method": "fire_bullet"
}, {
"args": [ ExtResource( 4 ), 6.0 ],
"method": "fire_bullet"
}, {
"args": [ ExtResource( 4 ), 12.0 ],
"method": "fire_bullet"
} ]
}

[sub_resource type="Animation" id=3]
resource_name = "fire2"
length = 0.3
step = 0.02
tracks/0/type = "audio"
tracks/0/path = NodePath("AudioStreamPlayer")
tracks/0/interp = 1
tracks/0/loop_wrap = true
tracks/0/imported = false
tracks/0/enabled = true
tracks/0/keys = {
"clips": [ {
"end_offset": 0.0,
"start_offset": 0.0,
"stream": ExtResource( 3 )
}, {
"end_offset": 0.0,
"start_offset": 0.0,
"stream": ExtResource( 3 )
}, {
"end_offset": 0.0,
"start_offset": 0.0,
"stream": ExtResource( 3 )
}, {
"end_offset": 0.0,
"start_offset": 0.0,
"stream": ExtResource( 3 )
}, {
"end_offset": 0.0,
"start_offset": 0.0,
"stream": ExtResource( 3 )
} ],
"times": PoolRealArray( 0, 0.06, 0.12, 0.18, 0.24 )
}
tracks/1/type = "method"
tracks/1/path = NodePath(".")
tracks/1/interp = 1
tracks/1/loop_wrap = true
tracks/1/imported = false
tracks/1/enabled = true
tracks/1/keys = {
"times": PoolRealArray( 0, 0.06, 0.12, 0.18, 0.24 ),
"transitions": PoolRealArray( 1, 1, 1, 1, 1 ),
"values": [ {
"args": [ ExtResource( 4 ), 0.0 ],
"method": "fire_bullet"
}, {
"args": [ ExtResource( 4 ), 3.0 ],
"method": "fire_bullet"
}, {
"args": [ ExtResource( 4 ), 6.0 ],
"method": "fire_bullet"
}, {
"args": [ ExtResource( 4 ), 9.0 ],
"method": "fire_bullet"
}, {
"args": [ ExtResource( 4 ), 12.0 ],
"method": "fire_bullet"
} ]
}

[node name="KinematicBody" type="KinematicBody"]
collision_mask = 1024
script = ExtResource( 1 )

[node name="Model" type="MeshInstance" parent="."]
mesh = ExtResource( 2 )
material/0 = null
material/1 = null
material/2 = null
material/3 = null
material/4 = null
material/5 = null
material/6 = null
material/7 = null
material/8 = null
material/9 = null
material/10 = null
material/11 = null
material/12 = null
material/13 = null
material/14 = null
material/15 = null
material/16 = null
material/17 = null
material/18 = null

[node name="CollisionShape" type="CollisionShape" parent="."]
transform = Transform( 1, 0, 0, 0, 1, 0, 0, 0, 1, 0, 0.5, 0 )
shape = SubResource( 1 )

[node name="AudioStreamPlayer" type="AudioStreamPlayer" parent="."]
stream = ExtResource( 3 )
volume_db = -12.0

[node name="AnimationPlayer" type="AnimationPlayer" parent="."]
playback_process_mode = 0
anims/fire1 = SubResource( 2 )
anims/fire2 = SubResource( 3 )
[connection signal="animation_finished" from="AnimationPlayer" to="." method="_on_AnimationPlayer_animation_finished"]
